<?xml version="1.0" encoding="UTF-8"?><collection xmlns="http://www.loc.gov/MARC21/slim"><record><leader>00485nam--2200157-i-4500</leader><controlfield tag="001">000023685</controlfield><controlfield tag="002">20161230</controlfield><controlfield tag="005">20161230201035</controlfield><controlfield tag="008">060222s1000------------r-----000-0-eng-d</controlfield><datafield ind1=" " ind2=" " tag="080"><subfield code="a">517.98(082.1)(075.8)</subfield></datafield><datafield ind1=" " ind2=" " tag="100"><subfield code="a">Harpe, Pierre De La</subfield></datafield><datafield ind1=" " ind2=" " tag="245"><subfield code="a">Classical banach-lie algebras and banach-lie groups of operators in hilbert space</subfield></datafield><datafield ind1=" " ind2=" " tag="260"><subfield code="a">Berlin, Springer-verlag, 1972. 160 P</subfield></datafield><datafield ind1=" " ind2=" " tag="490"><subfield code="a">Lecture Notes In Mathematics</subfield></datafield><datafield ind1=" " ind2=" " tag="852"><subfield code="a">45365</subfield><subfield code="c">517.9</subfield></datafield><datafield ind1=" " ind2=" " tag="CAT"><subfield code="a">Sys</subfield><subfield code="c">20081027</subfield><subfield code="h">123447</subfield></datafield></record></collection>